@article{chen2014compact,
	title={A compact, robust, and transportable ultra-stable laser with a fractional frequency instability of 1$\times$ 10- 15},
	author={Chen, Qun-Feng and Nevsky, Alexander and Cardace, Marco and Schiller, Stephan and Legero, Thomas and H{\"a}fner, Sebastian and Uhde, Andre and Sterr, Uwe},
	journal={Review of Scientific Instruments},
	volume={85},
	number={11},
	year={2014},
	publisher={AIP Publishing}
}

@article{swierad2016ultra,
	title={Ultra-stable clock laser system development towards space applications},
	author={{\'S}wierad, Dariusz and H{\"a}fner, Sebastian and Vogt, Stefan and Venon, Bertrand and Holleville, David and Bize, S{\'e}bastien and Kulosa, Andr{\'e} and Bode, Sebastian and Singh, Yeshpal and Bongs, Kai and others},
	journal={Scientific Reports},
	volume={6},
	number={1},
	pages={33973},
	year={2016},
	publisher={Nature Publishing Group UK London}
}